00100000         2761077700001080007047120126       0330650000000030511 FRISIA COOPERATIVA AGROINDUSTRBANCO DO BRASIL S/A                     12804202010041800008903000000                                                      000            
00100011C9803020 2761077700001080007047120126       0330650000000030511 FRISIA COOPERATIVA AGROINDUSTR                                        AVENIDA DOS PIONEIROS         2324 ARMAZENS E SECACARAMBEI            84145000PR                  
0010001300001A00001834100910 0000000087907 COFCO INTERNATIONAL BRASIL S.A51001               28042020BRL000000000000000000000003509000                    000000000000000000000000000000000000000000000000000000000000000            0          
0010001300002B   206315338000542                              00000                                                  00000000  28042020000000003509000000000000000000000000000000000000000000000000000000000000000               0              
00100015         000004000000000000701800000000000000000000000000                                                                                                                                                                               
00199999         000001000006000000                                                                                                                                                                                                             