00100000         2761077700001080007047120126       0330650000000030511 FRISIA COOPERATIVA AGROINDUSTRBANCO DO BRASIL S/A                     12804202010043100008703000000                                                      000            
00100011C9803020 2761077700001080007047120126       0330650000000030511 FRISIA COOPERATIVA AGROINDUSTR                                        AVENIDA DOS PIONEIROS         2324 ARMAZENS E SECACARAMBEI            84145000PR                  
0010001300001A00001810400384 0000000016504 BELAGRICOLA COMERCIO E REPRESE50001               28042020BRL000000000000000000000003317600                    000000000000000000000000000000000000000000000000000000000000000            0          
0010001300002B   279038097006899                              00000                                                  00000000  28042020000000003317600000000000000000000000000000000000000000000000000000000000000               0              
00100015         000004000000000003317600000000000000000000000000                                                                                                                                                                               
00199999         000001000006000000                                                                                                                                                                                                             