00100000         2761077700001080007047120126       0330650000000030511 FRISIA COOPERATIVA AGROINDUSTRBANCO DO BRASIL S/A                     12204202008042100027403000000                                                      000            

00100011C9801020 2761077700001080007047120126       0330650000000030511 FRISIA COOPERATIVA AGROINDUSTR                                        AVENIDA DOS PIONEIROS         2324 ARMAZENS E SECACARAMBEI            84145000PR                  
0010001300001A0000000010341850000000044261 SERRA MORENA CORRETORA LTDA   134003              22042020BRL000000000000000000000000000000                    000000000000000000000000000000000000000000000000000000000000000            0          
0010001300002B   294854908000106                              00000                                                  00000000  22042020000000000003000000000000000000000000000000000000000000000000000000000000000               0              
00100015         000004000000000000003000000000000000000000000000                                                                                                                                                                               

00100021C9803020 2761077700001080007047120126       0330650000000030511 FRISIA COOPERATIVA AGROINDUSTR                                        AVENIDA DOS PIONEIROS         2324 ARMAZENS E SECACARAMBEI            84145000PR                  
0010002300001A0007007480073070000000085826 AGRICOLA PANORAMA COMERCIO E R134002              22042020BRL000000000000000000000000012000                    000000000000000000000000000000000000000000000000000000000000000            0          
0010002300002B   224657868000127                              00000                                                  00000000  22042020000000000012000000000000000000000000000000000000000000000000000000000000000               0              
00100025         000004000000000000012000000000000000000000000000                                                                                                                                                                               

00199999         000002000010000000                                                                                                                                                                                                             