00100000         2761077700001080007047120126       0330650000000030511 FRISIA COOPERATIVA AGROINDUSTRBANCO DO BRASIL S/A                     12703202006034500020203000000                                                      000            
00100011C9803020 2761077700001080007047120126       0330650000000030511 FRISIA COOPERATIVA AGROINDUSTR                                        AVENIDA DOS PIONEIROS         2324 ARMAZENS E SECACARAMBEI            84145000PR                  
0010001300001A0000187480073070000000142093 CORNELIO GUILHERME LOS        112003              27032020BRL000000000000000000000000500000                    000000000000000000000000000000000000000000000000000000000000000            0          
0010001300002B   100092671276915                              00000                                                  00000000  27032020000000000500000000000000000000000000000000000000000000000000000000000000000               0              
00100015         000004000000000000500000000000000000000000000000                                                                                                                                                                               
00199999         000001000006000000                                                                                                                                                                                                             
