00100000         2761077700001080007047120126       0330650000000030511 FRISIA COOPERATIVA AGROINDUSTRBANCO DO BRASIL S/A                     11304202008045600024103000000                                                      000            
00100011C9801020 2761077700001080007047120126       0330650000000030511 FRISIA COOPERATIVA AGROINDUSTR                                        AVENIDA DOS PIONEIROS         2324 ARMAZENS E SECACARAMBEI            84145000PR                  
0010001300001A0000000010341850000000044261 SERRA MORENA CORRETORA LTDA   121003              13042020BRL000000000000000000000002500000                    000000000000000000000000000000000000000000000000000000000000000            0          
0010001300002B   294854908000106                              00000                                                  00000000  13042020000000002500000000000000000000000000000000000000000000000000000000000000000               0              
00100015         000004000000000002500000000000000000000000000000                                                                                                                                                                               
00199999         000001000006000000                                                                                                                                                                                                       